@article{Brualdi2012,
  author   = {Brualdi, Richard A. and Deutsch, Emeric},
  title    = {Adjacent {$q$}-cycles in permutations},
  journal  = {Ann. Comb.},
  fjournal = {Annals of Combinatorics},
  volume   = 16,
  year     = 2012,
  number   = 2,
  pages    = {203--213},
  issn     = {0218-0006},
  doi      = {10.1007/s00026-012-0126-9},
  url      = {https://doi.org/10.1007/s00026-012-0126-9}
}

@article{Cl2022,
  title   = {From Hertzsprung's problem to pattern-rewriting systems},
  author  = {Claesson, Anders},
  journal = {Algebraic Combinatorics},
  volume  = {5},
  number  = {6},
  pages   = {1257--1277},
  year    = {2022},
  doi     = {https://doi.org/10.5802/alco.202},
  url     = {https://alco.centre-mersenne.org/item/10.5802/alco.202.pdf}
}

@misc{OEIS,
  author       = {OEIS Foundation Inc},
  howpublished = {\texttt{https://oeis.org/}},
  title        = {The {O}nline {E}ncyclopedia of {I}nteger {S}equences},
  url          = {http://oeis.org/},
  year         = 2020
}